@ARTICLE{article_prof,
    author = "\textsc{Juan ARIAS DE REYNA}  and \textsc{Jérémy de  TOULISSE}",
    title = "The n-th prime asymptotically",
    journal =  "Journal de Théorie des Nombres de Bordeaux",
    year = "2013",
    volume = "25"
}

@ARTICLE{article_polymath,
    author = "\textsc{D.H.J Polymath}",
    title = {The "Bounded Gaps between Primes" Polymath Project - A Retrospective Analysis},
    journal = "EMS Newsletter",
    year = "2014",
    month = "December"
}